@book{RicKoch1999,
author = {Richard Koch},
title = {The 80/20 Principle: The Secret to Achieving More with Less},
publisher = {Crown Business},
year = {1999}
}

@article{PauRoon2002,
title = {Microsoft's CEO: 80-20 Rule Applies To Bugs, Not Just Features},
author = {Paula Rooney},
year = {2002},
journal = {http://www.crn.com},
doi = {http://www.crn.com/news/security/18821726/microsofts-ceo-80-20-rule-applies-to-bugs-not-just-features.htm;jsessionid=CTy2HwIYU-ixTG8JEyEW4g**.ecappj03}
}

@book{SteMcCo2004,
author = {Steve McConnell},
title = {Code Complete: A Practical Handbook of Software Construction, 2nd Edition},
publisher = {Microsoft Press},
year = {2004}
}


@inproceedings{EmpEval,
 author = {Aaron G. Cass and Chris S. T. Fernandes and Andrew Polidore},
 title = {An empirical evaluation of undo mechanisms},
 booktitle = {NordiCHI '06: Proceedings of the 4th Nordic conference on Human-computer interaction},
 year = {2006},
 isbn = {1-59593-325-5},
 pages = {19--27},
 location = {Oslo, Norway},
 doi = {http://doi.acm.org/10.1145/1182475.1182478},
 publisher = {ACM},
 address = {New York, NY, USA},
 }
 

 
 @article{CsdUndo,
 author = {Aaron G. Cass and Chris S. T. Fernandes},
 title = { Using Task Models for Cascading Selective Undo},
 year = {2006},
 location = {Hasselt, Belgium},
 doi = {5th international workshop on Task Models and Diagrams for User Interface Design (TAMODIA 2006)},
 address = {New York, NY, USA},
 }
 
 @article{SelUndo,
 author = {Thomas Berlage},
 title = {A selective undo mechanism for graphical user interfaces based on command objects},
 journal = {ACM Trans. Comput.-Hum. Interact.},
 volume = {1},
 number = {3},
 year = {1994},
 issn = {1073-0516},
 pages = {269--294},
 doi = {http://doi.acm.org/10.1145/196699.196721},
 publisher = {ACM},
 address = {New York, NY, USA},
 }



@article{ScrUndo,
 author = {James E. Archer, Jr. and Richard Conway and Fred B. Schneider},
 title = {User Recovery and Reversal in Interactive Systems},
 journal = {ACM Trans. Program. Lang. Syst.},
 volume = {6},
 number = {1},
 year = {1984},
 issn = {0164-0925},
 pages = {1--19},
 doi = {http://doi.acm.org/10.1145/357233.357234},
 publisher = {ACM},
 address = {New York, NY, USA},
 }
 
 
@article{BonaTree,
 author = {Ernst Kleiberg, Huub van de Wetering , Jarke J. van Wijk},
 title = {Botanical Visualization of Huge Hierarchies},
location = {Department of Mathematics and Computer Science,Eindhoven University of Technology},
 
 }
 
@inproceedings{ConeTree,
 author = {George G. Robertson and Jock D. Mackinlay and Stuart K. Card},
 title = {Cone Trees: animated 3D visualizations of hierarchical information},
 booktitle = {CHI '91: Proceedings of the SIGCHI conference on Human factors in computing systems},
 year = {1991},
 isbn = {0-89791-383-3},
 pages = {189--194},
 location = {New Orleans, Louisiana, United States},
 doi = {http://doi.acm.org/10.1145/108844.108883},
 publisher = {ACM},
 address = {New York, NY, USA},
 }
 
 @inproceedings{HyperTree,
 author = {John Lamping and Ramana Rao},
 title = {Laying out and visualizing large trees using a hyperbolic space},
 booktitle = {UIST '94: Proceedings of the 7th annual ACM symposium on User interface software and technology},
 year = {1994},
 isbn = {0-89791-657-3},
 pages = {13--14},
 location = {Marina del Rey, California, United States},
 doi = {http://doi.acm.org/10.1145/192426.192430},
 publisher = {ACM},
 address = {New York, NY, USA},
 }
 
 @inproceedings{fisheyeMenu,
 author = {Benjamin B. Bederson},
 title = {Fisheye menus},
 booktitle = {UIST '00: Proceedings of the 13th annual ACM symposium on User interface software and technology},
 year = {2000},
 isbn = {1-58113-212-3},
 pages = {217--225},
 location = {San Diego, California, United States},
 doi = {http://doi.acm.org/10.1145/354401.354782},
 publisher = {ACM},
 address = {New York, NY, USA},
 }

@inproceedings{fisheye,
 author = {Carl Gutwin},
 title = {Improving focus targeting in interactive fisheye views},
 booktitle = {CHI '02: Proceedings of the SIGCHI conference on Human factors in computing systems},
 year = {2002},
 isbn = {1-58113-453-3},
 pages = {267--274},
 location = {Minneapolis, Minnesota, USA},
 doi = {http://doi.acm.org/10.1145/503376.503424},
 publisher = {ACM},
 address = {New York, NY, USA},
 }
 
 @inproceedings{spiral,
 author = {St\'{e}phane Huot and Eric Lecolinet},
 title = {SpiraList: a compact visualization technique for one-handed interaction with large lists on mobile devices},
 booktitle = {NordiCHI '06: Proceedings of the 4th Nordic conference on Human-computer interaction},
 year = {2006},
 isbn = {1-59593-325-5},
 pages = {445--448},
 location = {Oslo, Norway},
 doi = {http://doi.acm.org/10.1145/1182475.1182533},
 publisher = {ACM},
 address = {New York, NY, USA},
 }

@inproceedings{docwalls,
 author = {George G. Robertson and Jock D. Mackinlay},
 title = {The document lens},
 booktitle = {UIST '93: Proceedings of the 6th annual ACM symposium on User interface software and technology},
 year = {1993},
 isbn = {0-89791-628-X},
 pages = {101--108},
 location = {Atlanta, Georgia, United States},
 doi = {http://doi.acm.org/10.1145/168642.168652},
 publisher = {ACM},
 address = {New York, NY, USA},
 }
 
 @inproceedings{perspwall,
 author = {Jock D. Mackinlay and George G. Robertson and Stuart K. Card},
 title = {The perspective wall: detail and context smoothly integrated},
 booktitle = {CHI '91: Proceedings of the SIGCHI conference on Human factors in computing systems},
 year = {1991},
 isbn = {0-89791-383-3},
 pages = {173--176},
 location = {New Orleans, Louisiana, United States},
 doi = {http://doi.acm.org/10.1145/108844.108870},
 publisher = {ACM},
 address = {New York, NY, USA},
 }

 @article{cvdid,
 author = { M.Jern, S. Palmberg, M.Ranlöf, A. Nilsson* },
 title = {Coordinated Views in Dynamic Interactive Documents },
 location = {ITN - Campus Norrköping, Linköpings Universitet - S - 601 74, Norrköping Sweden },
 address = {ITN - Campus Norrköping, Linköpings Universitet - S - 601 74, Norrköping Sweden },
 }

@misc{undousable,
author = {http://e-texteditor.com/blog/2006/making-undo-usable},
title = {A Modern Undo - Making undo usable beyond the last few changes},
howpublished = {Blog},
note = {The author remain unknown},
year = {2006}
}


